@Misc{servo,
  key =          {servo},
  title =        {Servo, the Parallel Browser Engine Project},
  year =         {2016},
  note =         {http://servo.org/},
}

